@misc{
    goodfellow2014generative,
    title={Generative Adversarial Networks}, 
    author={Ian J. Goodfellow and Jean Pouget-Abadie and Mehdi Mirza and Bing Xu and David Warde-Farley and Sherjil Ozair and Aaron Courville and Yoshua Bengio},
    year={2014},
    eprint={1406.2661},
    archivePrefix={arXiv},
    primaryClass={stat.ML}
}

@misc{
    tactile_graphics,
    key={Guidelines and Standards for Tactile Graphics},
    title={Guidelines and Standards for Tactile Graphics},
    url={http://www.brailleauthority.org/tg/web-manual/index.html},
    journal={Braille Authority of North America},
    publisher={Braille Authority of North America \& The Canadian Braille Authority},
    year={2010}
}

@misc{
    acin_2016,
    title={Landscape generation using midpoint displacement},
    url={https://bitesofcode.wordpress.com/2016/12/23/landscape-generation-using-midpoint-displacement/},
    journal={Bites of code},
    author={Acín, Juan Gallostra},
    year={2016},
    month={Dec}
}

@article{
    bourke_1987,
    author={Bourke, Paul},
    year={1987},
    month={06},
    pages={143-150},
    title={A contouring subroutine},
    volume={12},
    journal={Byte}
}

@incollection{
    KISSELL2017103,
    title={Chapter 4 - Advanced Math and Statistics},
    editor={Robert Kissell and Jim Poserina},
    booktitle={Optimal Sports Math, Statistics, and Fantasy},
    publisher={Academic Press},
    pages={103-135},
    year={2017},
    isbn={978-0-12-805163-4},
    doi={https://doi.org/10.1016/B978-0-12-805163-4.00004-9},
    url={https://www.sciencedirect.com/science/article/pii/B9780128051634000049},
    author={Robert Kissell and Jim Poserina}
}

@misc{
    glen_2014, 
    title={Gamma distribution: Definition, PDF, finding in Excel},
    url={https://www.statisticshowto.com/gamma-distribution/},
    journal={StatisticsHowTo.com: Elementary Statistics for the rest of us!},
    author={Glen, Stephanie},
    year={2014},
    month={Jan}
}

@inbook{
    pishro-nik_2014,
    place={Blue Bell, PA},
    title={4.2.4 Gamma Distribution},
    booktitle={Introduction to Probability, Statistics, and Random Processes},
    publisher={Kappa Research, LLC},
    author={Pishro-Nik, Hossein},
    year={2014},
    pages={190–192}
}

@misc{hu2021text,
    title={Text to Image Generation with Semantic-Spatial Aware GAN}, 
    author={Kai Hu and Wentong Liao and Michael Ying Yang and Bodo Rosenhahn},
    year={2021},
    eprint={2104.00567},
    archivePrefix={arXiv},
    primaryClass={cs.CV}
}

@book{
    youtube_2015,
    title={An affordable, refreshable Braille tablet that relies on microfluidics},
    url={https://www.youtube.com/watch?v=0fIg4rI4cDw},
    journal={YouTube},
    author={O'Sullivan, Kelly and Alvey, Stephen and Coelius, Robert},
    publisher={University of Michigan Engineering},
    year={2015},
    month={Dec}
}

@misc{
    lee_2018,
    title={Tips on teaching graphing using the Braille Note Touch},
    url={https://www.perkinselearning.org/technology/blog/tips-teaching-graphing-using-braille-note-touch},
    journal={Perkins eLearning},
    publisher={Perkins School for the Blind},
    author={Lee, Tracy},
    year={2018},
    month={Sep}
}
 
@misc{
    minitab_express,
    key={minitab_express},
    title={Continuous and discrete probability distributions},
    url={https://support.minitab.com/en-us/minitab-express/1/help-and-how-to/basic-statistics/probability-distributions/supporting-topics/basics/continuous-and-discrete-probability-distributions/},
    journal={Minitab Express},
    publisher={Minitab}
}

@misc{
    multivariate_normal_distribution,
    key={multivariate_normal_distribution},
    title={Multivariate Normal Distribution},
    url={https://en.wikipedia.org/wiki/Multivariate_normal_distribution#/media/File:MultivariateNormal.png},
    journal={Wikipedia},
    publisher={Wikimedia Foundation},
    year={2013},
    month={Mar}
} 

@misc{
    geometric_brownian_motion,
    key={geometric_brownian_motion},
    title={Geometric Brownian Motion},
    url={https://en.wikipedia.org/wiki/Geometric_Brownian_motion#/media/File:GBM2.png},
    journal={Wikipedia},
    publisher={Wikimedia Foundation},
    year={2021},
    month={Oct}
}

@misc{
    braillenote_touch,
    title={The BrailleNote Touch Plus: Competitive Technology with a Nostalgic Feel},
    url={https://www.afb.org/aw/21/3/16931},
    publisher={American Foundation for the Blind},
    year={2020},
    month={Mar}
}

@misc{
    kendrick_2020,
    title={The braillenote touch plus: Competitive technology with a nostalgic feel},
    url={https://www.afb.org/aw/21/3/16931},
    publisher={The American Foundation for the Blind},
    author={Kendrick, Deborah},
    year={2020},
    month={Mar}
}

@misc{
    apple_support_2020,
    key={apple_support_2020},
    title={VoiceOver},
    url={https://support.apple.com/en-us/HT210066},
    journal={Apple Support},
    publisher={Apple Inc.},
    year={2020},
    month={Nov}
}

@misc{
    gustavson_2005,
    author={Gustavson, Stefan},
    year={2005},
    month={01},
    title={Simplex noise demystified},
}

@misc{
    patel_2015,
    url={https://www.redblobgames.com/maps/terrain-from-noise/},
    journal={Making maps with noise functions},
    publisher={Red Blob Games},
    author={Patel, Amit},
    year={2015},
    month={Jul}
}

@misc{
    hauer_2019,
    title={Finding perlin contours},
    url={https://thingonitsown.blogspot.com/2019/02/finding-perlin-contours.html}, journal={Finding Perlin contours},
    publisher={ThingOnItsOwn},
    author={Hauer, Benjamin},
    year={2019},
    month={Feb}
}

@article{
    perlin_2002,
    author={Perlin, Ken},
    year={2002},
    month={07},
    pages={681},
    title={Improving Noise},
    volume={21},
    journal={Proceedings of the 29th annual conference on Computer graphics and interactive techniques - SIGGRAPH '02},
    doi={10.1145/566570.566636}
}

@misc{
    biagioli_2014,
    title={Understanding Perlin Noise},
    url={https://adrianb.io/2014/08/09/perlinnoise.html},
    journal={adrian's soapbox},
    author={Biagioli, Adrian},
    year={2014},
    month={Aug}
}

@misc{
    prunier,
    title={Perlin Noise Terrain Mesh},
    url={https://www.scratchapixel.com/lessons/procedural-generation-virtual-worlds/perlin-noise-part-2/perlin-noise-terrain-mesh},
    journal={Scratchapixel},
    author={Prunier, Jean-Colas},
    year={2017},
    month={Feb}
}

@misc{
    perlin_noise_2007,
    key={perlin_noise_2007},
    title={Perlin Noise Rescaled and Added Into Itself to Create Fractal Noise},
    url={https://en.wikipedia.org/wiki/Perlin_noise},
    publisher={Wikipedia},
    year={2007},
    month={Apr}
} 